@book{weibel1994,
  title = {An {{Introduction}} to {{Homological Algebra}}},
  author = {Weibel, Charles A.},
  date = {1994},
  series = {Cambridge {{Studies}} in {{Advanced Mathematics}}},
  number = {38},
  publisher = {{Cambridge University Press}}
}
